<record><leader>00000cas a22000007a 4500</leader><controlfield tag="001">27481029</controlfield><controlfield tag="008">930222d19331934caudn ne      0    0eng d</controlfield><datafield ind1=" " ind2=" " tag="010"><subfield code="a">sn 93051950 </subfield></datafield><datafield ind1=" " ind2=" " tag="040"><subfield code="a">CUY</subfield><subfield code="b">eng</subfield><subfield code="c">CNK</subfield><subfield code="d">OCLCQ</subfield></datafield><datafield ind1=" " ind2=" " tag="042"><subfield code="a">msc</subfield></datafield><datafield ind1="0" ind2="0" tag="245"><subfield code="a">Morning Valley farmer.</subfield></datafield><datafield ind1="1" ind2="3" tag="246"><subfield code="a">Morning Valley farmer and Imperial Valley farmer</subfield></datafield><datafield ind1=" " ind2=" " tag="260"><subfield code="a">El Centro, Calif :</subfield><subfield code="b">Tribune-Farmer Pub. Co.</subfield></datafield><datafield ind1=" " ind2=" " tag="300"><subfield code="a">v.</subfield></datafield><datafield ind1=" " ind2=" " tag="310"><subfield code="a">Daily (except Mon.)</subfield></datafield><datafield ind1="0" ind2=" " tag="362"><subfield code="a">Vol. 16, no. 13 (Mar. 30, 1933)-v. 17, no. 233 (Sept. 30, 1934).</subfield></datafield><datafield ind1=" " ind2="4" tag="651"><subfield code="a">El Centro (Calif.)</subfield><subfield code="v">Newspapers.</subfield></datafield><datafield ind1=" " ind2=" " tag="752"><subfield code="a">United States</subfield><subfield code="b">California</subfield><subfield code="c">Imperial</subfield><subfield code="d">El Centro.</subfield></datafield><datafield ind1="0" ind2="0" tag="780"><subfield code="t">Imperial Valley farmer</subfield><subfield code="w">(DLC)sn 93051949</subfield></datafield><datafield ind1="0" ind2="0" tag="785"><subfield code="t">Morning post and Valley farmer</subfield><subfield code="w">(DLC)sn 93051951</subfield></datafield><datafield ind1="1" ind2=" " tag="029"><subfield code="a">AU@</subfield><subfield code="b">000020752343</subfield></datafield></record>